<?xml version="1.0" encoding="utf-8"?>
<record xmlns="http://www.loc.gov/MARC21/slim" xmlns:xsi="http://www.w3.org/2001/XMLSchema-instance" xsi:schemaLocation="http://www.loc.gov/MARC21/slim http://www.loc.gov/standards/marcxml/schema/MARC21slim.xsd">
	<leader>     nam a22     Mi 4500</leader>
	<controlfield tag="001">2792309</controlfield>
	<controlfield tag="003">NjP</controlfield>
	<controlfield tag="006">m        d        </controlfield>
	<controlfield tag="007">cr cn |||m|||a</controlfield>
	<controlfield tag="008">200505s1898    mr      o     000 0 ara d</controlfield>
	<datafield ind1=" " ind2=" " tag="040">
		<subfield code="a">ZYU</subfield>
		<subfield code="b">ara</subfield>
		<subfield code="e">rda</subfield>
		<subfield code="c">ZYU</subfield>
	</datafield>
	<datafield ind1="1" ind2=" " tag="100">
		<subfield code="6">880-01</subfield>
		<subfield code="a">Ibn al-Sakkāk, Muḥammad ibn Abī Ghālib,</subfield>
		<subfield code="d">-1415 or 1416.</subfield>
	</datafield>
	<datafield ind1="1" ind2="0" tag="240">
		<subfield code="6">880-02</subfield>
		<subfield code="a">Naṣḥ mulūk al-Islām</subfield>
	</datafield>
	<datafield ind1="1" ind2="0" tag="245">
		<subfield code="6">880-03</subfield>
		<subfield code="a">Kitāb Naṣḥ mulūk al-Islām bi-al-taʻrīf bi-mā yajibu ʻalayhim min ḥuqūq Āl al-Bayt al-kirām ʻalayhim afḍal al-ṣalāh wa-azká al-salām /</subfield>
		<subfield code="c">lil-Shaykh Abī ʻAbd Allāh Muḥammad ibn Abī Ghālib al-Miknāsī al-maʻrūf bi-Ibn al-Sakkāk. Wa-baʻdahu Taʼlīf jalīl fī al-Imāmah al-ʻuẓmá / lil-Shaykh Abī Muḥammad ʻAbd al-Qādir ibn ʻAlī ibn Yūsuf al-Fāsī. Wa-yalīhumā Taʼlīf nafīs fī ahl al-dhimmah laʻanahum Allāh ajāba bi-hi ... Jaʻfar ibn Idrīs al-Kattānī.</subfield>
	</datafield>
	<datafield ind1="3" ind2="0" tag="246">
		<subfield code="6">880-04</subfield>
		<subfield code="a">Naṣḥ mulūk al-Islām bi-al-taʻrīf bi-mā yajibu ʻalayhim min ḥuqūq Āl al-Bayt al-kirām</subfield>
	</datafield>
	<datafield ind1=" " ind2=" " tag="260">
		<subfield code="a">[Morocco] :</subfield>
		<subfield code="b">[publisher not identified],</subfield>
		<subfield code="c">1316 [1898 or 1899]</subfield>
	</datafield>
	<datafield ind1=" " ind2=" " tag="300">
		<subfield code="a">online resource (68 pages)</subfield>
	</datafield>
	<datafield ind1=" " ind2=" " tag="336">
		<subfield code="a">text</subfield>
		<subfield code="2">rdacontent</subfield>
	</datafield>
	<datafield ind1=" " ind2=" " tag="337">
		<subfield code="a">computer</subfield>
		<subfield code="2">rdamedia</subfield>
	</datafield>
	<datafield ind1=" " ind2=" " tag="338">
		<subfield code="a">online resource</subfield>
		<subfield code="2">rdacarrier</subfield>
	</datafield>
	<datafield ind1=" " ind2=" " tag="500">
		<subfield code="a">Part of the Arabic Collections Online (ACO) project, contributed by Princeton University Libraries.</subfield>
	</datafield>
	<datafield ind1=" " ind2=" " tag="533">
		<subfield code="a">Electronic reproduction.</subfield>
		<subfield code="b">New York, N.Y. :</subfield>
		<subfield code="c">New York University,</subfield>
		<subfield code="d">2020.</subfield>
		<subfield code="5">NNU</subfield>
	</datafield>
	<datafield ind1=" " ind2="0" tag="650">
		<subfield code="a">Leadership</subfield>
		<subfield code="x">Religious aspects</subfield>
		<subfield code="x">Islam</subfield>
		<subfield code="v">Early works to 1800.</subfield>
	</datafield>
	<datafield ind1=" " ind2="0" tag="650">
		<subfield code="a">Imamate</subfield>
		<subfield code="v">Early works to 1800.</subfield>
	</datafield>
	<datafield ind1=" " ind2="0" tag="650">
		<subfield code="a">Dhimmis (Islamic law)</subfield>
	</datafield>
	<datafield ind1=" " ind2="7" tag="650">
		<subfield code="a">Dhimmis (Islamic law)</subfield>
		<subfield code="2">fast</subfield>
		<subfield code="0">(OCoLC)fst01797956</subfield>
	</datafield>
	<datafield ind1=" " ind2="7" tag="650">
		<subfield code="a">Imamate.</subfield>
		<subfield code="2">fast</subfield>
		<subfield code="0">(OCoLC)fst00967643</subfield>
	</datafield>
	<datafield ind1=" " ind2="7" tag="650">
		<subfield code="a">Leadership</subfield>
		<subfield code="x">Religious aspects</subfield>
		<subfield code="x">Islam.</subfield>
		<subfield code="2">fast</subfield>
		<subfield code="0">(OCoLC)fst00994721</subfield>
	</datafield>
	<datafield ind1=" " ind2="7" tag="655">
		<subfield code="a">Early works.</subfield>
		<subfield code="2">fast</subfield>
		<subfield code="0">(OCoLC)fst01411636</subfield>
	</datafield>
	<datafield ind1=" " ind2="7" tag="655">
		<subfield code="a">Lithographs</subfield>
		<subfield code="z">Morocco</subfield>
		<subfield code="y">1898.</subfield>
		<subfield code="2">gmgpc</subfield>
	</datafield>
	<datafield ind1="0" ind2="2" tag="700">
		<subfield code="6">880-05</subfield>
		<subfield code="a">ʻAbd al-Qādir al-Fāsī,</subfield>
		<subfield code="d">1599-1680.</subfield>
		<subfield code="t">Taʼlīf fī al-Imāmah.</subfield>
	</datafield>
	<datafield ind1="1" ind2="2" tag="700">
		<subfield code="6">880-06</subfield>
		<subfield code="a">Kattānī, Jaʻfar ibn Idrīs,</subfield>
		<subfield code="d">1830 or 1831-1905.</subfield>
		<subfield code="t">Taʼlīf fī ahl al-dhimmah.</subfield>
	</datafield>
	<datafield ind1="2" ind2=" " tag="710">
		<subfield code="a">Princeton University.</subfield>
		<subfield code="b">Library.</subfield>
	</datafield>
	<datafield ind1="0" ind2=" " tag="730">
		<subfield code="a">Arabic Collections Online.</subfield>
	</datafield>
	<datafield ind1="0" ind2=" " tag="740">
		<subfield code="6">880-07</subfield>
		<subfield code="a">Taʼlīf fī al-Imāmah.</subfield>
	</datafield>
	<datafield ind1="0" ind2=" " tag="740">
		<subfield code="6">880-08</subfield>
		<subfield code="a">Taʼlīf fī ahl al-dhimmah.</subfield>
	</datafield>
	<datafield ind1="0" ind2="8" tag="776">
		<subfield code="i">Print version:</subfield>
		<subfield code="a">Ibn al-Sakkāk, Muḥammad ibn Abī Ghālib, -1415 or 1416.</subfield>
		<subfield code="t">Kitāb Naṣḥ mulūk al-Islām bi-al-taʻrīf bi-mā yajibu ʻalayhim min ḥuqūq Āl al-Bayt al-kirām ʻalayhim afḍal al-ṣalāh wa-azká al-salām</subfield>
		<subfield code="w">(NjP)2792309</subfield>
		<subfield code="w">(OCoLC)80619698</subfield>
	</datafield>
	<datafield ind1="4" ind2="0" tag="856">
		<subfield code="u">http://hdl.handle.net/2333.1/9w0vtf2v</subfield>
	</datafield>
	<datafield ind1="1" ind2=" " tag="880">
		<subfield code="6">100-01</subfield>
		<subfield code="a">ابن السكاك، محمد بن ابي غالب،</subfield>
		<subfield code="d">-1415 or 1416.</subfield>
	</datafield>
	<datafield ind1="1" ind2="0" tag="880">
		<subfield code="6">240-02</subfield>
		<subfield code="a">نصح ملوك الاسلام</subfield>
	</datafield>
	<datafield ind1="1" ind2="0" tag="880">
		<subfield code="6">245-03</subfield>
		<subfield code="a">كتاب نصح ملوك الاسلام بالتعريف بما يجب عليهم من حقوق آل البيت الكرام عليهم افضل الصلاه وازكى السلام /</subfield>
		<subfield code="c">للشيخ ابي عبد الله محمد بن ابي غال المكناسي المعروف بابن السكاك. وبعده تأليف جليل في الامامة العظمى / للشيخ ابي محمد عبد القادر بن علي بن يوسف الفاسي. ويليهما تأليف نفيس في اهل الذمة لعنهم الله اجاب به ... جعفر بن ادريس الكتاني.</subfield>
	</datafield>
	<datafield ind1="3" ind2="0" tag="880">
		<subfield code="6">246-04</subfield>
		<subfield code="a">نصح ملوك الاسلام بالتعريف بما يجب عليهم من حقوق آل البيت الكرام</subfield>
	</datafield>
	<datafield ind1="0" ind2="2" tag="880">
		<subfield code="6">700-05</subfield>
		<subfield code="a">عبد القادر الفاسي،</subfield>
		<subfield code="d">1599-1680.</subfield>
		<subfield code="t">تأليف في الامامة.</subfield>
	</datafield>
	<datafield ind1="1" ind2="2" tag="880">
		<subfield code="6">700-06</subfield>
		<subfield code="a">كتاني، جعفر بن ادريس،</subfield>
		<subfield code="d">1830 or 1831-1905.</subfield>
		<subfield code="t">تأليف في اهل الذمة.</subfield>
	</datafield>
	<datafield ind1="0" ind2=" " tag="880">
		<subfield code="6">740-07</subfield>
		<subfield code="a">تأليف في الامامة.</subfield>
	</datafield>
	<datafield ind1="0" ind2=" " tag="880">
		<subfield code="6">740-08</subfield>
		<subfield code="a">تأليف في اهل الذمة.</subfield>
	</datafield>
	<datafield ind1=" " ind2=" " tag="959">
		<subfield code="a">NNU</subfield>
		<subfield code="b">WEB</subfield>
		<subfield code="c">GENI</subfield>
		<subfield code="t">0</subfield>
		<subfield code="m">Electronic access</subfield>
		<subfield code="s">01</subfield>
	</datafield>
	<datafield ind1=" " ind2=" " tag="999">
		<subfield code="i">NjP_2792309</subfield>
		<subfield code="o">(OCoLC)ocm80619698</subfield>
		<subfield code="s">princeton_aco003123</subfield>
		<subfield code="e">(ERROR-880)(ERROR-MISC)</subfield>
		<subfield code="s">princeton_aco003123</subfield>
	</datafield>
</record>
